@book{Shriram,
    author    = "Shriram Krishnamurthi",
    title     = "Programming Languages: Application and Interpretation",
    publisher = "Brown University",
    year      = "2006"    
}
